%% https://raw.githubusercontent.com/abntex/abntex2/master/doc/latex/abntex2/abntex2-doc-abnt-6023.bib
%% Modificado 31-07-2015, Youssef Cherem: remoção de maiúsculas entre chaves, como {A}.