\bibliography{referencias}
\label{referencias}

@article{abandono,
    organization={Mural},
    title={Abandono de animais aumenta em SP durante a pandemia; saiba como adotar e ajudar},
    year={2021},
    url={https://web.archive.org/web/20210430042617/https://www.agenciamural.org.br/abandono-de-animais-aumenta-em-sp-durante-a-pandemia-saiba-como-adotar-e-ajudar/}
 }
 
@article{tutelaONG, 
    author={Clara Velasco},
    title={Brasil tem mais de 170 mil animais abandonados sob cuidado de ONGs, aponta instituto}, 
    year={2019}, 
    url={https://web.archive.org/web/20210123161908/https://g1.globo.com/sp/sao-paulo/noticia/2019/08/18/brasil-tem-mais-de-170-mil-animais-abandonados-sob-cuidado-de-ongs-aponta-instituto.ghtml}
}

@article{abandono_pandemia,
    author={Samuel Viana de Azevedo}, 
    title={A problemática do abandono de animais domésticos frente à pandemia do coronavírus no Brasil}, 
    year={2020},
    url={https://web.archive.org/web/20210805195703/https://repositorio.pucgoias.edu.br/jspui/bitstream/123456789/1285/1/ARTIGO CIENTÍFICO - SAMUEL VIANA DE AZEVEDO.pdf}
}

@article{adocao, 
    author={Simone Lemos}, 
    title={Cresce o número de adoções e de abandono de animais na pandemia},
    year={2021},
    url={https://web.archive.org/web/20210617222754/https://jornal.usp.br/atualidades/cresce-o-numero-de-adocoes-e-de-abandono-de-animais-na-pandemia/}
}

@article{analise, 
    author={Chico Alff}, 
    title={O que são Requisitos Funcionais e Não Funcionais?},
    year={2020},
    url={https://web.archive.org/web/20201128192434/https://analisederequisitos.com.br/requisitos-funcionais-e-nao-funcionais/}
}

@article{regras, 
    author={Wallace Oliveira}, 
    title={O que são regras de negócio e quais as vantagens de aplicá-las em uma empresa},
    year={2018},
    url={https://web.archive.org/web/20210414083520/https://www.heflo.com/pt-br/automacao-processos/o-que-sao-regras-de-negocio/}
}

@article{revisao, 
    author={Milene Moura Martins}, 
    title={Passo a passo de como fazer revisão de literatura},
    year={2020},
    url={https://web.archive.org/web/20210902180621/https://viacarreira.com/como-fazer-revisao-da-literatura/}
}

@article{software, 
    author={Matheus Bigogno Costa}, 
    title={O que é software? Entenda o significado},
    year={2020},
    url={https://web.archive.org/web/20201001053913/https://canaltech.com.br/software/o-que-e-software/}
}

@article{software_aplicacao, 
    author={Kris Gaiato}, 
    title={O que é software? Entenda de forma fácil e rápida!},
    year={2021},
    url={https://web.archive.org/web/20210314140450/https://www.tecmundo.com.br/software/212591-software-entenda-forma-facil-rapida.htm}
}


@article{linguagem_programacao_orientada, 
    author={Henrique Machado Gasparotto}, 
    title={Os 4 pilares da Programação Orientada a Objetos},
    year={2014},
    url={https://web.archive.org/web/20141129124559/http://www.devmedia.com.br/os-4-pilares-da-programacao-orientada-a-objetos/9264}
}

@article{php, 
    author={Carlos Estrella}, 
    title={O Que é PHP? Guia Básico de Programação PHP},
    year={2021},
    url={https://web.archive.org/web/20210302101359/https://www.hostinger.com.br/tutoriais/o-que-e-php-guia-basico}
}


@article{php_dois, 
    author={Andrei L.}, 
    title={O Que é PHP?},
    year={2019},
    url={https://web.archive.org/web/20200811002917/https://www.weblink.com.br/blog/php/o-que-e-php-conheca/}
}

@article{php_tres, 
    organization={The PHP Group}, 
    title={O Que é PHP?},
    year={2021},
    url={https://web.archive.org/web/20210920192917/https://www.php.net/manual/pt_BR/intro-whatis.php}
}

@article{html, 
    author={Claudia Bozza}, 
    title={O que é o HTML5?},
    year={2018},
    url={https://web.archive.org/web/20201024091125/https://www.devmedia.com.br/o-que-e-o-html5/25820}
}

@article{css, 
    author={Ariane G.}, 
    title={O que é CSS? Guia Básico para Iniciantes},
    year={2021},
    url={https://web.archive.org/web/20210224204026/https://www.hostinger.com.br/tutoriais/o-que-e-css-guia-basico-de-css}
}

@article{jsum, 
    author={ Giancarlo Silva}, 
    title={O que é e como funciona a linguagem JavaScript?},
    year={2015},
    url={https://web.archive.org/web/20171020001152/https://canaltech.com.br/internet/O-que-e-e-como-funciona-a-linguagem-JavaScript/}
}

@article{jsdois, 
    author={Ivan de Souza}, 
    title={JavaScript: o que é, como funciona e por que usá-lo no seu site},
    year={2019},
    url={https://web.archive.org/web/20200814220155/https://rockcontent.com/br/blog/javascript/}
}

@article{bootstrap, 
    author={Andrei L.}, 
    title={O Que é Bootstrap? Guia para Iniciantes},
    year={2020},
    url={https://web.archive.org/web/20210122072229/https://www.hostinger.com.br/tutoriais/o-que-e-bootstrap/}
}

@article{vscode, 
    organization={Microsoft}, 
    title={Visão Geral},
    year={2021},
    url={https://web.archive.org/web/20210916124140/https://code.visualstudio.com/docs}
}

@article{postgresql,
    organization={REDAÇÃO OFICINA},
    title={PostgreSQL o que é?},
    year={2008},
    url={https://web.archive.org/web/20080214232519/https://www.oficinadanet.com.br/artigo/746/postgresql_o_que_e}
}
 
 @article{postgis,
    author={Anderson Medeiros},
    title={7 Motivos para Usar o PostGIS em seus Projetos},
    year={2013},
    url={https://web.archive.org/web/20210306142121/https://www.clickgeo.com.br/motivos-para-usar-postgis/}
}

@article{latex,
    author={Tatiana Vieira},
    title={Como usar LaTeX para escrever artigos científicos},
    year={2020},
    url={https://web.archive.org/web/20210224205128/https://tecnoblog.net/384832/como-usar-latex-para-escrever-artigos-cientificos/}
}

@article{youtube,
    author={Thiago Dantas},
    title={Youtube},
    year={2010},
    url={https://web.archive.org/web/20210414022809/https://brasilescola.uol.com.br/informatica/youtube.htm}
}

@article{blogger,
    author={EDIVALDO BRITO},
    title={O que é Blogger?},
    year={2016},
    url={https://web.archive.org/web/20200924092055/https://www.techtudo.com.br/noticias/noticia/2016/08/o-que-e-blogger.html}
}

@article{codeigniter,
    author={José Ricardo Teixeira},
    title={Introdução ao framework PHP CodeIgniter},
    year={2013},
    url={https://web.archive.org/web/20210817122412/https://www.devmedia.com.br/introducao-ao-framework-php-codeigniter/27346}
}

@article{adocao_consciente,
    author={Rodrigo Batista},
    title={Tudo o que você precisa saber antes de adotar um animal de estimação},
    year={2018},
    url={https://web.archive.org/web/20180524100602/http://www.gazetadopovo.com.br/viver-bem/animal/adocao-consciente-de-animais-de-estimacao}
}

@article{adocao_conscientedois,
    organization={Instituto É O BICHO},
    title={A Adoção Consciente},
    year={2017},
    url={https://web.archive.org/web/20210306110319/https://www.eobicho.org.br/adocao-conciente/}
}

@article{adocao_conscientetres,
	author={IBGE},
    title={Tabela 4930: Domicílios com algum cachorro, por situação por domicílio},
    year={2019},
    url={https://web.archive.org/web/2017*/https://sidra.ibge.gov.br/tabela/4930#resultado}
}

@article{adocao_conscientequatro,
	author={Cidade de São Paulo},
    title={Adoção de Cães e Gatos no CCZ},
    year={2021},
    url={https://web.archive.org/web/2017*/https://www.capital.sp.gov.br/cidadao/animais/animais-domesticos/adocao-de-caes-e-gatos-no-ccz}
}

@article{adocao_conscientecinco,
    author={Juliana Gorayeb},
    title={Adoção de animais: entenda porque o ato de amor faz bem para todos},
    year={2017},
    url={https://web.archive.org/web/2017*/https://g1.globo.com/mg/grande-minas/eobicho/noticia/adocao-de-animais-entenda-porque-o-ato-de-amor-faz-bem-para-todos.ghtml}
}


@article{solidaoIPSOS,
    author={Marcos Calliari}, 
    title={Brasil fica em 1$^\circ$ lugar entre 28 países, em ranking dos que mais sentem solidão}, 
    year={2021}, 
    url={https://web.archive.org/web/20210902210617/https://www.ipsos.com/pt-br/brasil-fica-em-1o-lugar-entre-28-paises-em-ranking-dos-que-mais-sentem-solidao}
}

@article{seres,
    author={Vanessa Serrão}, 
    title={Animais sencientes, você sabe o que isso significa?}, 
    year={2015},
    url={https://web.archive.org/web/20210209164111/https://anda.jusbrasil.com.br/noticias/251287543/animais-sencientes-voce-sabe-o-que-isso-significa}
}

@article{isolamento-animais, 
    author={Amanda Bellettini Munari}, 
    title={O isolamento humano e a relação com os não humanos},
    year={2020},
    url={https://web.archive.org/web/20201227082748/http://repositorio.unesc.net/handle/1/7804}
}

@article{usp,
    author={Simone Lemos}, 
    title={Cresce o número de adoções e de abandono de animais na pandemia}, 
    year={2021},
    url={https://web.archive.org/web/20210618134312/https://jornal.usp.br/atualidades/cresce-o-numero-de-adocoes-e-de-abandono-de-animais-na-pandemia/}
}

@article{cardio,
    author={Caroline Kramer}, 
    title={Circulation: Cardiovascular Quality and Outcomes}, 
    year={2019},
    url={https://web.archive.org/web/20210928100049/https://www.ahajournals.org/doi/10.1161/CIRCOUTCOMES.119.005554}

}

@article{lobos,
    author={VIRGINIA MORELL}, 
    title={Lobos primitivos que brincavam com humanos possivelmente evoluíram para os amigáveis cães de hoje}, 
    year={2020},
    url={https://web.archive.org/web/20210306172127/https://www.nationalgeographicbrasil.com/animais/2020/10/caes-domesticos-lobos-primitivos-brincavam-com-humanos-evolucao}

}

@article{aha,
    author={Glenn Levine}, 
    title={Pet Ownership and Cardiovascular Risk}, 
    year={2013},
    url={https://web.archive.org/web/*/https://www.ahajournals.org/doi/10.1161/CIR.0b013e31829201e1}

}

@article{mental,
    organization={Mental Health Foundation}, 
    title={Pets and mental health}, 
    year={2021},
    url={https://web.archive.org/web/*/https://www.mentalhealth.org.uk/a-to-z/p/pets-and-mental-health}

}

@article{mentalpets,
    organization={Mars Petcare}, 
    title={New Report on Addressing the Loneliness Crisis through the Power of Pets}, 
    year={2020},
    url={https://web.archive.org/web/*/https://habri.org/pressroom/20200220}

}

@article{caso,
    author={Leandro Ribeiro}, 
    title={O que é UML e Diagramas de Caso de Uso: Introdução Prática à UML}, 
    year={2012},
    url={https://web.archive.org/web/*/https://www.devmedia.com.br/o-que-e-uml-e-diagramas-de-caso-de-uso-introducao-pratica-a-uml/23408}
}
@article{azure,
    author={Filipe Garrett}, 
    title={O que é Microsoft Azure?}, 
    year={2020},
    url={https://web.archive.org/web/2020*/https://www.techtudo.com.br/listas/2020/07/o-que-e-microsoft-azure-veja-como-funciona-e-precos-do-servico-de-nuvem.ghtml}
}

@article{mapa,
    author={Vladimir Agafonkin}, 
    title={Leaflet}, 
    year={2010},
    url={https://web.archive.org/web/*/https://leafletjs.com/index.html}
}
