%% https://raw.githubusercontent.com/abntex/abntex2/master/doc/latex/abntex2/abntex2-doc-abnt-6023.bib
%% Modificado 31-07-2015, Youssef Cherem: remoção de maiúsculas entre chaves, como {A}.

@article{abandonados,
 abnt-6023-2000-section = {7.1.3-1},
 author  ={André Marchina Gon{\c c}alves},
 title   ={Abandono de animais bate recorde na pandemia e problema não é só brasileiro},
 journal ={UOL},
 address ={Espanha},
 month   =mar,
 year    =2021,
 note    ={Se{\c c}\~ao Ponto de Vista},
 url     ={https://www.uol.com.br/nossa/colunas/coluna-do-veterinario/2021/03/11/abandono-de-animais-bate-recorde-na-pandemia-e-problema-nao-e-so-brasileiro.htm},
 urlaccessdate={04 mar. 2021}}
 
@article{saopaulo,
 abnt-6023-2000-section = {7.1.3-1},
 author  ={Agência de Notícias de Direitos Animais - ANDA},
 title   ={SP tem aproximadamente 2 milhões de animais abandonados nas ruas},
 journal ={JusBrasil},
 address ={S{\a a}o Paulo},
 month   =nov,
 year    =2013,
 note    ={Se{\c c}\~ao Ponto de Vista},
 url     ={https://anda.jusbrasil.com.br/noticias/100362251/sp-tem-aproximadamente-2-milhoes-de-animais-abandonados-nas-ruas},
 urlaccessdate={04 mar. 2021}}
 