\bibliography{referencias}
\label{referencias}

@article{php,
    author={The PHP Group},
    title={O que é PHP ?},
    year={2021},
    url={https://www.php.net/manual/pt_BR/intro-whatis.php}
 }

@article{ide,
    author={Cairo Noleto},
    title={O que é IDE? - Ambiente de Desenvolvimento Integrado},
    year={2020},
    url={https://blog.betrybe.com/desenvolvimento-web/php/}
 }

@article{ide2,
    author={Red Hat},
    title={O que é IDE? - Ambiente de Desenvolvimento Integrado},
    year={2020},
    url={https://www.redhat.com/pt-br/topics/middleware/what-is-ide}
 }

@article{vscode,
    author={Edson},
    title={Introdução ao Visual Studio Code},
    year={2016},
    url={https://www.devmedia.com.br/introducao-ao-visual-studio-code/34418}
 }

@article{html,
    author={Thiago Xavier},
    title={O que é HTML e qual sua funcionalidade?},
    year={2019},
    url={https://rockcontent.com/br/blog/html/}
 }
 
 @article{css,
    author={Adriane G.},
    title={O que é CSS? Guia básico para iniciantes},
    year={2021},
    url={https://www.hostinger.com.br/tutoriais/o-que-e-css-guia-basico-de-css}
 }
 
 @article{js,
    author={MDN Web Docs},
    title={O  que é JavaScript?},
    year={2021},
    url={https://developer.mozilla.org/pt-BR/docs/Learn/JavaScript/First_steps/What_is_JavaScript}
 }

@article{bootstrap,
    author={Toni Campos},
    title={Bootstrap: O Que é Bootstrap e Para Que Serve?},
    year={2017},
    url={https://www.ciawebsites.com.br/sites/o-que-e-bootstrap/}
 }
 
@article{postgre,
    author={Ivan Souza},
    title={PostgreSQL: saiba o que é, para que serve e como instalar},
    year={2020},
    url={https://rockcontent.com/br/blog/postgresql/}
 }
 
@article{arquitetura,
    author={Marcelo Fantinato},
    title={Engenharia de Software - Aula 13 - Projeto de arquitetura de software (parte 1)},
    year={2018},
    url={https://youtu.be/2R4I995J2Jw}
 }
 
@article{postgis,
	author={The PostGIS Development Group},
	title={ PostGIS 2.4.3 Manual},
	url={https://postgis.net/docs/manual-2.4/postgis-br.html}
}
@article{hospedagem1,
	author={Ivan de Souza},
	title={Saiba agora como hospedar um site no 000webhost},
    year={2020},
    url={https://rockcontent.com/br/blog/000webhost/}
}

@article{hospedagem2,
	author={Elias Praciano},
    title={Minha análise sobre a hospedagem grátis PHP e MySQL do 000webhost},
    year={2013},
    url={https://elias.praciano.com/2013/10/hospedagem-gratis-php-e-mysql-ruby-e-perl-tambem/}
}

@article{heroku,
	author={Jessica Clark},
    title={O que é Heroku?},
    year={2020},
    url={https://blog.back4app.com/pt/o-que-e-o-heroku/}
}

@article{diagrama,
	author={Ionut Balosin},
    title={Por que precisamos de diagramas de arquitetura?},
    year={2019},
    url={https://www.infoq.com/br/articles/why-architectural-diagrams/}
}

@misc{video,
	author={Marcelo Fantinato},
    title={Engenharia de Software - Aula 13 - Projeto de arquitetura de software (parte 1)},
    institution={UNIVESP},
    year={2018},
   url={https://youtu.be/2R4I995J2Jw}
}