\bibliography{referencias}
\label{referencias}

@article{animais_abandonados,
    author={André Marchina Gon{\c c}alves},
    title={Abandono de animais bate recorde na pandemia e problema não é só brasileiro},
    year={2021},
    url={https://www.uol.com.br/nossa/colunas/coluna-do-veterinario/2021/03/11/abandono-de-animais-bate-recorde-na-pandemia-e-problema-nao-e-so-brasileiro.htm}
 }
 
 @article{sao_paulo,
    author={Agência de Notícias de Direitos Animais - ANDA},
    title={SP tem aproximadamente 2 milhões de animais abandonados nas ruas},
    year={2013},
    url={https://anda.jusbrasil.com.br/noticias/100362251/sp-tem-aproximadamente-2-milhoes-de-animais-abandonados-nas-ruas}
 }